%YAML 1.1
%TAG !u! tag:unity3d.com,2011:
--- !u!1001 &100100000
Prefab:
  m_ObjectHideFlags: 1
  serializedVersion: 2
  m_Modification:
    m_TransformParent: {fileID: 0}
    m_Modifications: []
    m_RemovedComponents: []
  m_ParentPrefab: {fileID: 0}
  m_RootGameObject: {fileID: 1678358797434050}
  m_IsPrefabParent: 1
--- !u!1 &1678358797434050
GameObject:
  m_ObjectHideFlags: 0
  m_PrefabParentObject: {fileID: 0}
  m_PrefabInternal: {fileID: 100100000}
  serializedVersion: 5
  m_Component:
  - component: {fileID: 4440359956918820}
  - component: {fileID: 114761922642974620}
  - component: {fileID: 114414105086613472}
  m_Layer: 0
  m_Name: GameManager
  m_TagString: Untagged
  m_Icon: {fileID: 0}
  m_NavMeshLayer: 0
  m_StaticEditorFlags: 0
  m_IsActive: 1
--- !u!4 &4440359956918820
Transform:
  m_ObjectHideFlags: 1
  m_PrefabParentObject: {fileID: 0}
  m_PrefabInternal: {fileID: 100100000}
  m_GameObject: {fileID: 1678358797434050}
  m_LocalRotation: {x: -0, y: -0, z: -0, w: 1}
  m_LocalPosition: {x: 0, y: 0, z: 0}
  m_LocalScale: {x: 1, y: 1, z: 1}
  m_Children: []
  m_Father: {fileID: 0}
  m_RootOrder: 0
  m_LocalEulerAnglesHint: {x: 0, y: 0, z: 0}
--- !u!114 &114414105086613472
MonoBehaviour:
  m_ObjectHideFlags: 1
  m_PrefabParentObject: {fileID: 0}
  m_PrefabInternal: {fileID: 100100000}
  m_GameObject: {fileID: 1678358797434050}
  m_Enabled: 1
  m_EditorHideFlags: 0
  m_Script: {fileID: 11500000, guid: 87669b4c630e50346bbb50b85188d1df, type: 3}
  m_Name: 
  m_EditorClassIdentifier: 
  gameOver: 1
  playerPrefabs:
  - {fileID: 1514975911589134, guid: 6826f4f4b2bc5124d8c9a3a14cb2928e, type: 2}
  - {fileID: 1660217420792244, guid: d5ac068b880446d4491d98d1e3368b2b, type: 2}
  - {fileID: 1863745984352350, guid: 6544f752ca068314fa8dab46a5d84739, type: 2}
  - {fileID: 1595439037449184, guid: 1a9acf5dd88f80d48a69310399cdf852, type: 2}
--- !u!114 &114761922642974620
MonoBehaviour:
  m_ObjectHideFlags: 1
  m_PrefabParentObject: {fileID: 0}
  m_PrefabInternal: {fileID: 100100000}
  m_GameObject: {fileID: 1678358797434050}
  m_Enabled: 1
  m_EditorHideFlags: 0
  m_Script: {fileID: 11500000, guid: 476281f6549b7c34f8d47d8bb93251b3, type: 3}
  m_Name: 
  m_EditorClassIdentifier: 
  maxNumInstances: 100
  leftCorner: {fileID: 0}
  rightCorner: {fileID: 0}
  tagsToAvoid:
  - Container
  - Meteor
  minInstantiatingTime: 1
  maxInstantiatingTime: 4
  ratioVeloctityInstantiating: 0.01
  ratioDecrementScale:
    serializedVersion: 2
    m_Curve:
    - serializedVersion: 2
      time: 0
      value: 0
      inSlope: 0
      outSlope: 0
      tangentMode: 0
    - serializedVersion: 2
      time: 0.8518722
      value: 0.15528104
      inSlope: 0.51595944
      outSlope: 0.51595944
      tangentMode: 0
    - serializedVersion: 2
      time: 0.9916687
      value: 0.48726654
      inSlope: 2
      outSlope: 2
      tangentMode: 0
    m_PreInfinity: 2
    m_PostInfinity: 2
    m_RotationOrder: 0
  limitScale: {x: 1, y: 1, z: 1}
  meteorPrefab: {fileID: 1094905060232562, guid: acd9a30ae85d13b468b9b4bd86d2c814,
    type: 2}
