%YAML 1.1
%TAG !u! tag:unity3d.com,2011:
--- !u!29 &1
OcclusionCullingSettings:
  m_ObjectHideFlags: 0
  serializedVersion: 2
  m_OcclusionBakeSettings:
    smallestOccluder: 5
    smallestHole: 0.25
    backfaceThreshold: 100
  m_SceneGUID: 00000000000000000000000000000000
  m_OcclusionCullingData: {fileID: 0}
--- !u!104 &2
RenderSettings:
  m_ObjectHideFlags: 0
  serializedVersion: 8
  m_Fog: 0
  m_FogColor: {r: 0.5, g: 0.5, b: 0.5, a: 1}
  m_FogMode: 3
  m_FogDensity: 0.01
  m_LinearFogStart: 0
  m_LinearFogEnd: 300
  m_AmbientSkyColor: {r: 0.65711504, g: 0.6653821, b: 0.75735295, a: 1}
  m_AmbientEquatorColor: {r: 0.114, g: 0.125, b: 0.133, a: 1}
  m_AmbientGroundColor: {r: 0.047, g: 0.043, b: 0.035, a: 1}
  m_AmbientIntensity: 1
  m_AmbientMode: 3
  m_SubtractiveShadowColor: {r: 0.42, g: 0.478, b: 0.627, a: 1}
  m_SkyboxMaterial: {fileID: 10304, guid: 0000000000000000f000000000000000, type: 0}
  m_HaloStrength: 0.5
  m_FlareStrength: 1
  m_FlareFadeSpeed: 3
  m_HaloTexture: {fileID: 0}
  m_SpotCookie: {fileID: 10001, guid: 0000000000000000e000000000000000, type: 0}
  m_DefaultReflectionMode: 0
  m_DefaultReflectionResolution: 128
  m_ReflectionBounces: 1
  m_ReflectionIntensity: 1
  m_CustomReflection: {fileID: 0}
  m_Sun: {fileID: 0}
  m_IndirectSpecularColor: {r: 0.44657826, g: 0.49641263, b: 0.57481676, a: 1}
--- !u!157 &3
LightmapSettings:
  m_ObjectHideFlags: 0
  serializedVersion: 11
  m_GIWorkflowMode: 0
  m_GISettings:
    serializedVersion: 2
    m_BounceScale: 1
    m_IndirectOutputScale: 1
    m_AlbedoBoost: 1
    m_TemporalCoherenceThreshold: 1
    m_EnvironmentLightingMode: 0
    m_EnableBakedLightmaps: 1
    m_EnableRealtimeLightmaps: 1
  m_LightmapEditorSettings:
    serializedVersion: 9
    m_Resolution: 2
    m_BakeResolution: 40
    m_TextureWidth: 1024
    m_TextureHeight: 1024
    m_AO: 0
    m_AOMaxDistance: 1
    m_CompAOExponent: 1
    m_CompAOExponentDirect: 0
    m_Padding: 2
    m_LightmapParameters: {fileID: 0}
    m_LightmapsBakeMode: 1
    m_TextureCompression: 1
    m_FinalGather: 0
    m_FinalGatherFiltering: 1
    m_FinalGatherRayCount: 256
    m_ReflectionCompression: 2
    m_MixedBakeMode: 2
    m_BakeBackend: 0
    m_PVRSampling: 1
    m_PVRDirectSampleCount: 32
    m_PVRSampleCount: 500
    m_PVRBounces: 2
    m_PVRFilterTypeDirect: 0
    m_PVRFilterTypeIndirect: 0
    m_PVRFilterTypeAO: 0
    m_PVRFilteringMode: 1
    m_PVRCulling: 1
    m_PVRFilteringGaussRadiusDirect: 1
    m_PVRFilteringGaussRadiusIndirect: 5
    m_PVRFilteringGaussRadiusAO: 2
    m_PVRFilteringAtrousPositionSigmaDirect: 0.5
    m_PVRFilteringAtrousPositionSigmaIndirect: 2
    m_PVRFilteringAtrousPositionSigmaAO: 1
    m_ShowResolutionOverlay: 1
  m_LightingDataAsset: {fileID: 0}
  m_UseShadowmask: 1
--- !u!196 &4
NavMeshSettings:
  serializedVersion: 2
  m_ObjectHideFlags: 0
  m_BuildSettings:
    serializedVersion: 2
    agentTypeID: 0
    agentRadius: 0.5
    agentHeight: 2
    agentSlope: 45
    agentClimb: 0.4
    ledgeDropHeight: 0
    maxJumpAcrossDistance: 0
    minRegionArea: 2
    manualCellSize: 0
    cellSize: 0.16666667
    manualTileSize: 0
    tileSize: 256
    accuratePlacement: 0
    debug:
      m_Flags: 0
  m_NavMeshData: {fileID: 23800000, guid: 32922d256d97a1346a9b58ac7452bd01, type: 2}
--- !u!1 &24584135 stripped
GameObject:
  m_PrefabParentObject: {fileID: 1507286460243326, guid: d756f47894759824a8b99f8372bdfb2f,
    type: 2}
  m_PrefabInternal: {fileID: 1062627735}
--- !u!65 &24584136
BoxCollider:
  m_ObjectHideFlags: 0
  m_PrefabParentObject: {fileID: 0}
  m_PrefabInternal: {fileID: 0}
  m_GameObject: {fileID: 24584135}
  m_Material: {fileID: 0}
  m_IsTrigger: 0
  m_Enabled: 1
  serializedVersion: 2
  m_Size: {x: 2.210394, y: 1.2029794, z: 0.2525914}
  m_Center: {x: -0.00003385544, y: 0.60271174, z: -0.0033880062}
--- !u!1 &127896068 stripped
GameObject:
  m_PrefabParentObject: {fileID: 1507286460243326, guid: d756f47894759824a8b99f8372bdfb2f,
    type: 2}
  m_PrefabInternal: {fileID: 1034306282}
--- !u!65 &127896069
BoxCollider:
  m_ObjectHideFlags: 0
  m_PrefabParentObject: {fileID: 0}
  m_PrefabInternal: {fileID: 0}
  m_GameObject: {fileID: 127896068}
  m_Material: {fileID: 0}
  m_IsTrigger: 0
  m_Enabled: 1
  serializedVersion: 2
  m_Size: {x: 2.1858435, y: 1.2000002, z: 0.21332838}
  m_Center: {x: 0.00000011920929, y: 0.6000001, z: 0.00000047683716}
--- !u!1001 &153809956
Prefab:
  m_ObjectHideFlags: 0
  serializedVersion: 2
  m_Modification:
    m_TransformParent: {fileID: 684637090}
    m_Modifications:
    - target: {fileID: 4736060015380246, guid: d756f47894759824a8b99f8372bdfb2f, type: 2}
      propertyPath: m_LocalPosition.x
      value: -6.62
      objectReference: {fileID: 0}
    - target: {fileID: 4736060015380246, guid: d756f47894759824a8b99f8372bdfb2f, type: 2}
      propertyPath: m_LocalPosition.y
      value: 0.100000024
      objectReference: {fileID: 0}
    - target: {fileID: 4736060015380246, guid: d756f47894759824a8b99f8372bdfb2f, type: 2}
      propertyPath: m_LocalPosition.z
      value: 18.18
      objectReference: {fileID: 0}
    - target: {fileID: 4736060015380246, guid: d756f47894759824a8b99f8372bdfb2f, type: 2}
      propertyPath: m_LocalRotation.x
      value: -0
      objectReference: {fileID: 0}
    - target: {fileID: 4736060015380246, guid: d756f47894759824a8b99f8372bdfb2f, type: 2}
      propertyPath: m_LocalRotation.y
      value: -0.9807488
      objectReference: {fileID: 0}
    - target: {fileID: 4736060015380246, guid: d756f47894759824a8b99f8372bdfb2f, type: 2}
      propertyPath: m_LocalRotation.z
      value: -0
      objectReference: {fileID: 0}
    - target: {fileID: 4736060015380246, guid: d756f47894759824a8b99f8372bdfb2f, type: 2}
      propertyPath: m_LocalRotation.w
      value: -0.19527382
      objectReference: {fileID: 0}
    - target: {fileID: 4736060015380246, guid: d756f47894759824a8b99f8372bdfb2f, type: 2}
      propertyPath: m_RootOrder
      value: 6
      objectReference: {fileID: 0}
    - target: {fileID: 1507286460243326, guid: d756f47894759824a8b99f8372bdfb2f, type: 2}
      propertyPath: m_Name
      value: Fence (6)
      objectReference: {fileID: 0}
    - target: {fileID: 4736060015380246, guid: d756f47894759824a8b99f8372bdfb2f, type: 2}
      propertyPath: m_LocalEulerAnglesHint.y
      value: -202.521
      objectReference: {fileID: 0}
    - target: {fileID: 4736060015380246, guid: d756f47894759824a8b99f8372bdfb2f, type: 2}
      propertyPath: m_LocalScale.x
      value: 4.000002
      objectReference: {fileID: 0}
    - target: {fileID: 4736060015380246, guid: d756f47894759824a8b99f8372bdfb2f, type: 2}
      propertyPath: m_LocalScale.z
      value: 4.000002
      objectReference: {fileID: 0}
    - target: {fileID: 33139418388791278, guid: d756f47894759824a8b99f8372bdfb2f,
        type: 2}
      propertyPath: m_Mesh
      value: 
      objectReference: {fileID: 4300000, guid: 606281639f6532e4f9804f4a84458239, type: 3}
    - target: {fileID: 1507286460243326, guid: d756f47894759824a8b99f8372bdfb2f, type: 2}
      propertyPath: m_TagString
      value: Container
      objectReference: {fileID: 0}
    m_RemovedComponents: []
  m_ParentPrefab: {fileID: 100100000, guid: d756f47894759824a8b99f8372bdfb2f, type: 2}
  m_IsPrefabParent: 0
--- !u!4 &153809957 stripped
Transform:
  m_PrefabParentObject: {fileID: 4736060015380246, guid: d756f47894759824a8b99f8372bdfb2f,
    type: 2}
  m_PrefabInternal: {fileID: 153809956}
--- !u!1 &169842901
GameObject:
  m_ObjectHideFlags: 0
  m_PrefabParentObject: {fileID: 0}
  m_PrefabInternal: {fileID: 0}
  serializedVersion: 5
  m_Component:
  - component: {fileID: 169842905}
  - component: {fileID: 169842904}
  - component: {fileID: 169842903}
  - component: {fileID: 169842902}
  m_Layer: 0
  m_Name: Elipse
  m_TagString: Untagged
  m_Icon: {fileID: 0}
  m_NavMeshLayer: 0
  m_StaticEditorFlags: 8
  m_IsActive: 1
--- !u!23 &169842902
MeshRenderer:
  m_ObjectHideFlags: 0
  m_PrefabParentObject: {fileID: 0}
  m_PrefabInternal: {fileID: 0}
  m_GameObject: {fileID: 169842901}
  m_Enabled: 1
  m_CastShadows: 1
  m_ReceiveShadows: 1
  m_DynamicOccludee: 1
  m_MotionVectors: 1
  m_LightProbeUsage: 1
  m_ReflectionProbeUsage: 1
  m_Materials:
  - {fileID: 2100000, guid: 7ea5f7af0d08b4824a352004ef292cf1, type: 2}
  m_StaticBatchInfo:
    firstSubMesh: 0
    subMeshCount: 0
  m_StaticBatchRoot: {fileID: 0}
  m_ProbeAnchor: {fileID: 0}
  m_LightProbeVolumeOverride: {fileID: 0}
  m_ScaleInLightmap: 1
  m_PreserveUVs: 1
  m_IgnoreNormalsForChartDetection: 0
  m_ImportantGI: 0
  m_StitchLightmapSeams: 0
  m_SelectedEditorRenderState: 3
  m_MinimumChartSize: 4
  m_AutoUVMaxDistance: 0.5
  m_AutoUVMaxAngle: 89
  m_LightmapParameters: {fileID: 0}
  m_SortingLayerID: 0
  m_SortingLayer: 0
  m_SortingOrder: 0
--- !u!136 &169842903
CapsuleCollider:
  m_ObjectHideFlags: 0
  m_PrefabParentObject: {fileID: 0}
  m_PrefabInternal: {fileID: 0}
  m_GameObject: {fileID: 169842901}
  m_Material: {fileID: 0}
  m_IsTrigger: 0
  m_Enabled: 0
  m_Radius: 0.5
  m_Height: 2
  m_Direction: 1
  m_Center: {x: 0, y: 0, z: 0}
--- !u!33 &169842904
MeshFilter:
  m_ObjectHideFlags: 0
  m_PrefabParentObject: {fileID: 0}
  m_PrefabInternal: {fileID: 0}
  m_GameObject: {fileID: 169842901}
  m_Mesh: {fileID: 4300000, guid: 06397ebfbe68e4cf1985c2230d317ea2, type: 3}
--- !u!4 &169842905
Transform:
  m_ObjectHideFlags: 0
  m_PrefabParentObject: {fileID: 0}
  m_PrefabInternal: {fileID: 0}
  m_GameObject: {fileID: 169842901}
  m_LocalRotation: {x: -0, y: -0, z: -0, w: 1}
  m_LocalPosition: {x: 0, y: 0.3, z: 0}
  m_LocalScale: {x: 2.9, y: 2.9, z: 2.9}
  m_Children: []
  m_Father: {fileID: 1682880366}
  m_RootOrder: 0
  m_LocalEulerAnglesHint: {x: 0, y: 0, z: 0}
--- !u!1001 &228207092
Prefab:
  m_ObjectHideFlags: 0
  serializedVersion: 2
  m_Modification:
    m_TransformParent: {fileID: 0}
    m_Modifications:
    - target: {fileID: 4049392892440668, guid: 92d897a0494b548859984aff503fc15d, type: 2}
      propertyPath: m_LocalPosition.x
      value: 4.9
      objectReference: {fileID: 0}
    - target: {fileID: 4049392892440668, guid: 92d897a0494b548859984aff503fc15d, type: 2}
      propertyPath: m_LocalPosition.y
      value: 13.3
      objectReference: {fileID: 0}
    - target: {fileID: 4049392892440668, guid: 92d897a0494b548859984aff503fc15d, type: 2}
      propertyPath: m_LocalPosition.z
      value: -3.8
      objectReference: {fileID: 0}
    - target: {fileID: 4049392892440668, guid: 92d897a0494b548859984aff503fc15d, type: 2}
      propertyPath: m_LocalRotation.x
      value: 0
      objectReference: {fileID: 0}
    - target: {fileID: 4049392892440668, guid: 92d897a0494b548859984aff503fc15d, type: 2}
      propertyPath: m_LocalRotation.y
      value: 0
      objectReference: {fileID: 0}
    - target: {fileID: 4049392892440668, guid: 92d897a0494b548859984aff503fc15d, type: 2}
      propertyPath: m_LocalRotation.z
      value: 0
      objectReference: {fileID: 0}
    - target: {fileID: 4049392892440668, guid: 92d897a0494b548859984aff503fc15d, type: 2}
      propertyPath: m_LocalRotation.w
      value: 1
      objectReference: {fileID: 0}
    - target: {fileID: 4049392892440668, guid: 92d897a0494b548859984aff503fc15d, type: 2}
      propertyPath: m_RootOrder
      value: 2
      objectReference: {fileID: 0}
    m_RemovedComponents: []
  m_ParentPrefab: {fileID: 100100000, guid: 92d897a0494b548859984aff503fc15d, type: 2}
  m_IsPrefabParent: 0
--- !u!1001 &299537789
Prefab:
  m_ObjectHideFlags: 0
  serializedVersion: 2
  m_Modification:
    m_TransformParent: {fileID: 684637090}
    m_Modifications:
    - target: {fileID: 4736060015380246, guid: d756f47894759824a8b99f8372bdfb2f, type: 2}
      propertyPath: m_LocalPosition.x
      value: 15.75
      objectReference: {fileID: 0}
    - target: {fileID: 4736060015380246, guid: d756f47894759824a8b99f8372bdfb2f, type: 2}
      propertyPath: m_LocalPosition.y
      value: 0.100000024
      objectReference: {fileID: 0}
    - target: {fileID: 4736060015380246, guid: d756f47894759824a8b99f8372bdfb2f, type: 2}
      propertyPath: m_LocalPosition.z
      value: -12.74
      objectReference: {fileID: 0}
    - target: {fileID: 4736060015380246, guid: d756f47894759824a8b99f8372bdfb2f, type: 2}
      propertyPath: m_LocalRotation.x
      value: -0
      objectReference: {fileID: 0}
    - target: {fileID: 4736060015380246, guid: d756f47894759824a8b99f8372bdfb2f, type: 2}
      propertyPath: m_LocalRotation.y
      value: 0.4090584
      objectReference: {fileID: 0}
    - target: {fileID: 4736060015380246, guid: d756f47894759824a8b99f8372bdfb2f, type: 2}
      propertyPath: m_LocalRotation.z
      value: -0
      objectReference: {fileID: 0}
    - target: {fileID: 4736060015380246, guid: d756f47894759824a8b99f8372bdfb2f, type: 2}
      propertyPath: m_LocalRotation.w
      value: -0.9125082
      objectReference: {fileID: 0}
    - target: {fileID: 4736060015380246, guid: d756f47894759824a8b99f8372bdfb2f, type: 2}
      propertyPath: m_RootOrder
      value: 12
      objectReference: {fileID: 0}
    - target: {fileID: 1507286460243326, guid: d756f47894759824a8b99f8372bdfb2f, type: 2}
      propertyPath: m_Name
      value: Fence (12)
      objectReference: {fileID: 0}
    - target: {fileID: 4736060015380246, guid: d756f47894759824a8b99f8372bdfb2f, type: 2}
      propertyPath: m_LocalEulerAnglesHint.y
      value: 311.70898
      objectReference: {fileID: 0}
    - target: {fileID: 4736060015380246, guid: d756f47894759824a8b99f8372bdfb2f, type: 2}
      propertyPath: m_LocalScale.x
      value: 4.00001
      objectReference: {fileID: 0}
    - target: {fileID: 4736060015380246, guid: d756f47894759824a8b99f8372bdfb2f, type: 2}
      propertyPath: m_LocalScale.z
      value: 4.00001
      objectReference: {fileID: 0}
    - target: {fileID: 33139418388791278, guid: d756f47894759824a8b99f8372bdfb2f,
        type: 2}
      propertyPath: m_Mesh
      value: 
      objectReference: {fileID: 4300000, guid: 10e18e3cec1a5fb4e9f21b47c5743b0c, type: 3}
    - target: {fileID: 1507286460243326, guid: d756f47894759824a8b99f8372bdfb2f, type: 2}
      propertyPath: m_TagString
      value: Container
      objectReference: {fileID: 0}
    m_RemovedComponents: []
  m_ParentPrefab: {fileID: 100100000, guid: d756f47894759824a8b99f8372bdfb2f, type: 2}
  m_IsPrefabParent: 0
--- !u!4 &299537790 stripped
Transform:
  m_PrefabParentObject: {fileID: 4736060015380246, guid: d756f47894759824a8b99f8372bdfb2f,
    type: 2}
  m_PrefabInternal: {fileID: 299537789}
--- !u!1001 &314620991
Prefab:
  m_ObjectHideFlags: 0
  serializedVersion: 2
  m_Modification:
    m_TransformParent: {fileID: 0}
    m_Modifications:
    - target: {fileID: 4578646644265504, guid: 402319e7d4ac9964291d5c99338b231b, type: 2}
      propertyPath: m_LocalPosition.x
      value: 0
      objectReference: {fileID: 0}
    - target: {fileID: 4578646644265504, guid: 402319e7d4ac9964291d5c99338b231b, type: 2}
      propertyPath: m_LocalPosition.y
      value: 0
      objectReference: {fileID: 0}
    - target: {fileID: 4578646644265504, guid: 402319e7d4ac9964291d5c99338b231b, type: 2}
      propertyPath: m_LocalPosition.z
      value: 0
      objectReference: {fileID: 0}
    - target: {fileID: 4578646644265504, guid: 402319e7d4ac9964291d5c99338b231b, type: 2}
      propertyPath: m_LocalRotation.x
      value: 0
      objectReference: {fileID: 0}
    - target: {fileID: 4578646644265504, guid: 402319e7d4ac9964291d5c99338b231b, type: 2}
      propertyPath: m_LocalRotation.y
      value: 0
      objectReference: {fileID: 0}
    - target: {fileID: 4578646644265504, guid: 402319e7d4ac9964291d5c99338b231b, type: 2}
      propertyPath: m_LocalRotation.z
      value: 0
      objectReference: {fileID: 0}
    - target: {fileID: 4578646644265504, guid: 402319e7d4ac9964291d5c99338b231b, type: 2}
      propertyPath: m_LocalRotation.w
      value: 1
      objectReference: {fileID: 0}
    - target: {fileID: 4578646644265504, guid: 402319e7d4ac9964291d5c99338b231b, type: 2}
      propertyPath: m_RootOrder
      value: 3
      objectReference: {fileID: 0}
    m_RemovedComponents: []
  m_ParentPrefab: {fileID: 100100000, guid: 402319e7d4ac9964291d5c99338b231b, type: 2}
  m_IsPrefabParent: 0
--- !u!1001 &382283497
Prefab:
  m_ObjectHideFlags: 0
  serializedVersion: 2
  m_Modification:
    m_TransformParent: {fileID: 684637090}
    m_Modifications:
    - target: {fileID: 4736060015380246, guid: d756f47894759824a8b99f8372bdfb2f, type: 2}
      propertyPath: m_LocalPosition.x
      value: 20.4
      objectReference: {fileID: 0}
    - target: {fileID: 4736060015380246, guid: d756f47894759824a8b99f8372bdfb2f, type: 2}
      propertyPath: m_LocalPosition.y
      value: 0.100000024
      objectReference: {fileID: 0}
    - target: {fileID: 4736060015380246, guid: d756f47894759824a8b99f8372bdfb2f, type: 2}
      propertyPath: m_LocalPosition.z
      value: 3.47
      objectReference: {fileID: 0}
    - target: {fileID: 4736060015380246, guid: d756f47894759824a8b99f8372bdfb2f, type: 2}
      propertyPath: m_LocalRotation.x
      value: -0.000000074953675
      objectReference: {fileID: 0}
    - target: {fileID: 4736060015380246, guid: d756f47894759824a8b99f8372bdfb2f, type: 2}
      propertyPath: m_LocalRotation.y
      value: 0.7705368
      objectReference: {fileID: 0}
    - target: {fileID: 4736060015380246, guid: d756f47894759824a8b99f8372bdfb2f, type: 2}
      propertyPath: m_LocalRotation.z
      value: 0.00000009268793
      objectReference: {fileID: 0}
    - target: {fileID: 4736060015380246, guid: d756f47894759824a8b99f8372bdfb2f, type: 2}
      propertyPath: m_LocalRotation.w
      value: -0.63739556
      objectReference: {fileID: 0}
    - target: {fileID: 4736060015380246, guid: d756f47894759824a8b99f8372bdfb2f, type: 2}
      propertyPath: m_RootOrder
      value: 10
      objectReference: {fileID: 0}
    - target: {fileID: 1507286460243326, guid: d756f47894759824a8b99f8372bdfb2f, type: 2}
      propertyPath: m_Name
      value: Fence (10)
      objectReference: {fileID: 0}
    - target: {fileID: 4736060015380246, guid: d756f47894759824a8b99f8372bdfb2f, type: 2}
      propertyPath: m_LocalEulerAnglesHint.y
      value: 259.19598
      objectReference: {fileID: 0}
    - target: {fileID: 4736060015380246, guid: d756f47894759824a8b99f8372bdfb2f, type: 2}
      propertyPath: m_LocalScale.x
      value: 4.0000124
      objectReference: {fileID: 0}
    - target: {fileID: 4736060015380246, guid: d756f47894759824a8b99f8372bdfb2f, type: 2}
      propertyPath: m_LocalScale.z
      value: 4.0000124
      objectReference: {fileID: 0}
    - target: {fileID: 33139418388791278, guid: d756f47894759824a8b99f8372bdfb2f,
        type: 2}
      propertyPath: m_Mesh
      value: 
      objectReference: {fileID: 4300000, guid: 337226fd4436143f6a45c0878c1c6da6, type: 3}
    - target: {fileID: 1507286460243326, guid: d756f47894759824a8b99f8372bdfb2f, type: 2}
      propertyPath: m_TagString
      value: Container
      objectReference: {fileID: 0}
    m_RemovedComponents: []
  m_ParentPrefab: {fileID: 100100000, guid: d756f47894759824a8b99f8372bdfb2f, type: 2}
  m_IsPrefabParent: 0
--- !u!4 &382283498 stripped
Transform:
  m_PrefabParentObject: {fileID: 4736060015380246, guid: d756f47894759824a8b99f8372bdfb2f,
    type: 2}
  m_PrefabInternal: {fileID: 382283497}
--- !u!1001 &429042909
Prefab:
  m_ObjectHideFlags: 0
  serializedVersion: 2
  m_Modification:
    m_TransformParent: {fileID: 684637090}
    m_Modifications:
    - target: {fileID: 4736060015380246, guid: d756f47894759824a8b99f8372bdfb2f, type: 2}
      propertyPath: m_LocalPosition.x
      value: -7.91
      objectReference: {fileID: 0}
    - target: {fileID: 4736060015380246, guid: d756f47894759824a8b99f8372bdfb2f, type: 2}
      propertyPath: m_LocalPosition.y
      value: 0.100000024
      objectReference: {fileID: 0}
    - target: {fileID: 4736060015380246, guid: d756f47894759824a8b99f8372bdfb2f, type: 2}
      propertyPath: m_LocalPosition.z
      value: -17.18
      objectReference: {fileID: 0}
    - target: {fileID: 4736060015380246, guid: d756f47894759824a8b99f8372bdfb2f, type: 2}
      propertyPath: m_LocalRotation.x
      value: -0
      objectReference: {fileID: 0}
    - target: {fileID: 4736060015380246, guid: d756f47894759824a8b99f8372bdfb2f, type: 2}
      propertyPath: m_LocalRotation.y
      value: 0.23185936
      objectReference: {fileID: 0}
    - target: {fileID: 4736060015380246, guid: d756f47894759824a8b99f8372bdfb2f, type: 2}
      propertyPath: m_LocalRotation.z
      value: -0
      objectReference: {fileID: 0}
    - target: {fileID: 4736060015380246, guid: d756f47894759824a8b99f8372bdfb2f, type: 2}
      propertyPath: m_LocalRotation.w
      value: 0.97274935
      objectReference: {fileID: 0}
    - target: {fileID: 4736060015380246, guid: d756f47894759824a8b99f8372bdfb2f, type: 2}
      propertyPath: m_RootOrder
      value: 1
      objectReference: {fileID: 0}
    - target: {fileID: 1507286460243326, guid: d756f47894759824a8b99f8372bdfb2f, type: 2}
      propertyPath: m_Name
      value: Fence (1)
      objectReference: {fileID: 0}
    - target: {fileID: 4736060015380246, guid: d756f47894759824a8b99f8372bdfb2f, type: 2}
      propertyPath: m_LocalEulerAnglesHint.y
      value: 26.813002
      objectReference: {fileID: 0}
    - target: {fileID: 33139418388791278, guid: d756f47894759824a8b99f8372bdfb2f,
        type: 2}
      propertyPath: m_Mesh
      value: 
      objectReference: {fileID: 4300000, guid: 337226fd4436143f6a45c0878c1c6da6, type: 3}
    - target: {fileID: 1507286460243326, guid: d756f47894759824a8b99f8372bdfb2f, type: 2}
      propertyPath: m_TagString
      value: Container
      objectReference: {fileID: 0}
    m_RemovedComponents: []
  m_ParentPrefab: {fileID: 100100000, guid: d756f47894759824a8b99f8372bdfb2f, type: 2}
  m_IsPrefabParent: 0
--- !u!4 &429042910 stripped
Transform:
  m_PrefabParentObject: {fileID: 4736060015380246, guid: d756f47894759824a8b99f8372bdfb2f,
    type: 2}
  m_PrefabInternal: {fileID: 429042909}
--- !u!1 &515171519 stripped
GameObject:
  m_PrefabParentObject: {fileID: 1507286460243326, guid: d756f47894759824a8b99f8372bdfb2f,
    type: 2}
  m_PrefabInternal: {fileID: 1812255280}
--- !u!65 &515171520
BoxCollider:
  m_ObjectHideFlags: 0
  m_PrefabParentObject: {fileID: 0}
  m_PrefabInternal: {fileID: 0}
  m_GameObject: {fileID: 515171519}
  m_Material: {fileID: 0}
  m_IsTrigger: 0
  m_Enabled: 1
  serializedVersion: 2
  m_Size: {x: 2.2103946, y: 1.2029794, z: 0.2525915}
  m_Center: {x: -0.000034093868, y: 0.60271174, z: -0.0033870537}
--- !u!1001 &535427474
Prefab:
  m_ObjectHideFlags: 0
  serializedVersion: 2
  m_Modification:
    m_TransformParent: {fileID: 684637090}
    m_Modifications:
    - target: {fileID: 4736060015380246, guid: d756f47894759824a8b99f8372bdfb2f, type: 2}
      propertyPath: m_LocalPosition.x
      value: 16.98
      objectReference: {fileID: 0}
    - target: {fileID: 4736060015380246, guid: d756f47894759824a8b99f8372bdfb2f, type: 2}
      propertyPath: m_LocalPosition.y
      value: 0.100000024
      objectReference: {fileID: 0}
    - target: {fileID: 4736060015380246, guid: d756f47894759824a8b99f8372bdfb2f, type: 2}
      propertyPath: m_LocalPosition.z
      value: 11.57
      objectReference: {fileID: 0}
    - target: {fileID: 4736060015380246, guid: d756f47894759824a8b99f8372bdfb2f, type: 2}
      propertyPath: m_LocalRotation.x
      value: -0
      objectReference: {fileID: 0}
    - target: {fileID: 4736060015380246, guid: d756f47894759824a8b99f8372bdfb2f, type: 2}
      propertyPath: m_LocalRotation.y
      value: 0.8864301
      objectReference: {fileID: 0}
    - target: {fileID: 4736060015380246, guid: d756f47894759824a8b99f8372bdfb2f, type: 2}
      propertyPath: m_LocalRotation.z
      value: -0
      objectReference: {fileID: 0}
    - target: {fileID: 4736060015380246, guid: d756f47894759824a8b99f8372bdfb2f, type: 2}
      propertyPath: m_LocalRotation.w
      value: -0.46286252
      objectReference: {fileID: 0}
    - target: {fileID: 4736060015380246, guid: d756f47894759824a8b99f8372bdfb2f, type: 2}
      propertyPath: m_RootOrder
      value: 9
      objectReference: {fileID: 0}
    - target: {fileID: 1507286460243326, guid: d756f47894759824a8b99f8372bdfb2f, type: 2}
      propertyPath: m_Name
      value: Fence (9)
      objectReference: {fileID: 0}
    - target: {fileID: 4736060015380246, guid: d756f47894759824a8b99f8372bdfb2f, type: 2}
      propertyPath: m_LocalEulerAnglesHint.y
      value: 235.144
      objectReference: {fileID: 0}
    - target: {fileID: 4736060015380246, guid: d756f47894759824a8b99f8372bdfb2f, type: 2}
      propertyPath: m_LocalScale.x
      value: 4.000005
      objectReference: {fileID: 0}
    - target: {fileID: 4736060015380246, guid: d756f47894759824a8b99f8372bdfb2f, type: 2}
      propertyPath: m_LocalScale.z
      value: 4.000005
      objectReference: {fileID: 0}
    - target: {fileID: 33139418388791278, guid: d756f47894759824a8b99f8372bdfb2f,
        type: 2}
      propertyPath: m_Mesh
      value: 
      objectReference: {fileID: 4300000, guid: 10e18e3cec1a5fb4e9f21b47c5743b0c, type: 3}
    - target: {fileID: 1507286460243326, guid: d756f47894759824a8b99f8372bdfb2f, type: 2}
      propertyPath: m_TagString
      value: Container
      objectReference: {fileID: 0}
    m_RemovedComponents: []
  m_ParentPrefab: {fileID: 100100000, guid: d756f47894759824a8b99f8372bdfb2f, type: 2}
  m_IsPrefabParent: 0
--- !u!4 &535427475 stripped
Transform:
  m_PrefabParentObject: {fileID: 4736060015380246, guid: d756f47894759824a8b99f8372bdfb2f,
    type: 2}
  m_PrefabInternal: {fileID: 535427474}
--- !u!1 &574165281
GameObject:
  m_ObjectHideFlags: 0
  m_PrefabParentObject: {fileID: 0}
  m_PrefabInternal: {fileID: 0}
  serializedVersion: 5
  m_Component:
  - component: {fileID: 574165283}
  - component: {fileID: 574165282}
  m_Layer: 0
  m_Name: Directional Light
  m_TagString: Untagged
  m_Icon: {fileID: 0}
  m_NavMeshLayer: 0
  m_StaticEditorFlags: 0
  m_IsActive: 1
--- !u!108 &574165282
Light:
  m_ObjectHideFlags: 0
  m_PrefabParentObject: {fileID: 0}
  m_PrefabInternal: {fileID: 0}
  m_GameObject: {fileID: 574165281}
  m_Enabled: 1
  serializedVersion: 8
  m_Type: 1
  m_Color: {r: 0.8474078, g: 0.86764705, b: 0.72091264, a: 1}
  m_Intensity: 0.3
  m_Range: 10
  m_SpotAngle: 30
  m_CookieSize: 10
  m_Shadows:
    m_Type: 1
    m_Resolution: -1
    m_CustomResolution: -1
    m_Strength: 0.302
    m_Bias: 0.05
    m_NormalBias: 0.93
    m_NearPlane: 0.2
  m_Cookie: {fileID: 0}
  m_DrawHalo: 0
  m_Flare: {fileID: 0}
  m_RenderMode: 0
  m_CullingMask:
    serializedVersion: 2
    m_Bits: 4294967295
  m_Lightmapping: 4
  m_AreaSize: {x: 1, y: 1}
  m_BounceIntensity: 1
  m_ColorTemperature: 6570
  m_UseColorTemperature: 0
  m_ShadowRadius: 0
  m_ShadowAngle: 0
--- !u!4 &574165283
Transform:
  m_ObjectHideFlags: 0
  m_PrefabParentObject: {fileID: 0}
  m_PrefabInternal: {fileID: 0}
  m_GameObject: {fileID: 574165281}
  m_LocalRotation: {x: 0.40821788, y: -0.23456968, z: 0.10938163, w: 0.8754261}
  m_LocalPosition: {x: 0, y: 3, z: 0}
  m_LocalScale: {x: 1, y: 1, z: 1}
  m_Children: []
  m_Father: {fileID: 0}
  m_RootOrder: 6
  m_LocalEulerAnglesHint: {x: 50, y: -30, z: 0}
--- !u!1 &585902657 stripped
GameObject:
  m_PrefabParentObject: {fileID: 1507286460243326, guid: d756f47894759824a8b99f8372bdfb2f,
    type: 2}
  m_PrefabInternal: {fileID: 153809956}
--- !u!65 &585902658
BoxCollider:
  m_ObjectHideFlags: 0
  m_PrefabParentObject: {fileID: 0}
  m_PrefabInternal: {fileID: 0}
  m_GameObject: {fileID: 585902657}
  m_Material: {fileID: 0}
  m_IsTrigger: 0
  m_Enabled: 1
  serializedVersion: 2
  m_Size: {x: 2.197828, y: 1.2000002, z: 0.21510893}
  m_Center: {x: 0.000000059604645, y: 0.6000001, z: 0.00000031664973}
--- !u!1 &650090919 stripped
GameObject:
  m_PrefabParentObject: {fileID: 1507286460243326, guid: d756f47894759824a8b99f8372bdfb2f,
    type: 2}
  m_PrefabInternal: {fileID: 535427474}
--- !u!65 &650090920
BoxCollider:
  m_ObjectHideFlags: 0
  m_PrefabParentObject: {fileID: 0}
  m_PrefabInternal: {fileID: 0}
  m_GameObject: {fileID: 650090919}
  m_Material: {fileID: 0}
  m_IsTrigger: 0
  m_Enabled: 1
  serializedVersion: 2
  m_Size: {x: 2.2103949, y: 1.2029794, z: 0.25259152}
  m_Center: {x: -0.00003421308, y: 0.60271174, z: -0.003387531}
--- !u!1 &679331340 stripped
GameObject:
  m_PrefabParentObject: {fileID: 1507286460243326, guid: d756f47894759824a8b99f8372bdfb2f,
    type: 2}
  m_PrefabInternal: {fileID: 382283497}
--- !u!65 &679331341
BoxCollider:
  m_ObjectHideFlags: 0
  m_PrefabParentObject: {fileID: 0}
  m_PrefabInternal: {fileID: 0}
  m_GameObject: {fileID: 679331340}
  m_Material: {fileID: 0}
  m_IsTrigger: 0
  m_Enabled: 1
  serializedVersion: 2
  m_Size: {x: 2.1978269, y: 1.2000002, z: 0.21510883}
  m_Center: {x: -0.0000000037252903, y: 0.6000001, z: -0.00000039860603}
--- !u!1 &684637089
GameObject:
  m_ObjectHideFlags: 0
  m_PrefabParentObject: {fileID: 0}
  m_PrefabInternal: {fileID: 0}
  serializedVersion: 5
  m_Component:
  - component: {fileID: 684637090}
  m_Layer: 0
  m_Name: Fences
  m_TagString: Container
  m_Icon: {fileID: 0}
  m_NavMeshLayer: 0
  m_StaticEditorFlags: 0
  m_IsActive: 1
--- !u!4 &684637090
Transform:
  m_ObjectHideFlags: 0
  m_PrefabParentObject: {fileID: 0}
  m_PrefabInternal: {fileID: 0}
  m_GameObject: {fileID: 684637089}
  m_LocalRotation: {x: 0, y: 0, z: 0, w: 1}
  m_LocalPosition: {x: -1.1316819, y: 0.42671835, z: -0.30919427}
  m_LocalScale: {x: 1, y: 1, z: 1}
  m_Children:
  - {fileID: 1397586062}
  - {fileID: 429042910}
  - {fileID: 1034306283}
  - {fileID: 1676869989}
  - {fileID: 1812255281}
  - {fileID: 1507830267}
  - {fileID: 153809957}
  - {fileID: 1456158323}
  - {fileID: 1524491888}
  - {fileID: 535427475}
  - {fileID: 382283498}
  - {fileID: 1062627736}
  - {fileID: 299537790}
  - {fileID: 1976536287}
  m_Father: {fileID: 0}
  m_RootOrder: 8
  m_LocalEulerAnglesHint: {x: 0, y: 0, z: 0}
--- !u!4 &821853767 stripped
Transform:
  m_PrefabParentObject: {fileID: 4023641041406966, guid: 402319e7d4ac9964291d5c99338b231b,
    type: 2}
  m_PrefabInternal: {fileID: 314620991}
--- !u!1001 &897261139
Prefab:
  m_ObjectHideFlags: 0
  serializedVersion: 2
  m_Modification:
    m_TransformParent: {fileID: 0}
    m_Modifications:
    - target: {fileID: 4440359956918820, guid: 33bb9c8a2e1281640bac96a8bb17478e, type: 2}
      propertyPath: m_LocalPosition.x
      value: 0
      objectReference: {fileID: 0}
    - target: {fileID: 4440359956918820, guid: 33bb9c8a2e1281640bac96a8bb17478e, type: 2}
      propertyPath: m_LocalPosition.y
      value: 0
      objectReference: {fileID: 0}
    - target: {fileID: 4440359956918820, guid: 33bb9c8a2e1281640bac96a8bb17478e, type: 2}
      propertyPath: m_LocalPosition.z
      value: 0
      objectReference: {fileID: 0}
    - target: {fileID: 4440359956918820, guid: 33bb9c8a2e1281640bac96a8bb17478e, type: 2}
      propertyPath: m_LocalRotation.x
      value: -0
      objectReference: {fileID: 0}
    - target: {fileID: 4440359956918820, guid: 33bb9c8a2e1281640bac96a8bb17478e, type: 2}
      propertyPath: m_LocalRotation.y
      value: -0
      objectReference: {fileID: 0}
    - target: {fileID: 4440359956918820, guid: 33bb9c8a2e1281640bac96a8bb17478e, type: 2}
      propertyPath: m_LocalRotation.z
      value: -0
      objectReference: {fileID: 0}
    - target: {fileID: 4440359956918820, guid: 33bb9c8a2e1281640bac96a8bb17478e, type: 2}
      propertyPath: m_LocalRotation.w
      value: 1
      objectReference: {fileID: 0}
    - target: {fileID: 4440359956918820, guid: 33bb9c8a2e1281640bac96a8bb17478e, type: 2}
      propertyPath: m_RootOrder
      value: 4
      objectReference: {fileID: 0}
    - target: {fileID: 114761922642974620, guid: 33bb9c8a2e1281640bac96a8bb17478e,
        type: 2}
      propertyPath: leftCorner
      value: 
      objectReference: {fileID: 821853767}
    - target: {fileID: 114761922642974620, guid: 33bb9c8a2e1281640bac96a8bb17478e,
        type: 2}
      propertyPath: rightCorner
      value: 
      objectReference: {fileID: 1163420651}
    m_RemovedComponents: []
  m_ParentPrefab: {fileID: 100100000, guid: 33bb9c8a2e1281640bac96a8bb17478e, type: 2}
  m_IsPrefabParent: 0
--- !u!1001 &1034306282
Prefab:
  m_ObjectHideFlags: 0
  serializedVersion: 2
  m_Modification:
    m_TransformParent: {fileID: 684637090}
    m_Modifications:
    - target: {fileID: 4736060015380246, guid: d756f47894759824a8b99f8372bdfb2f, type: 2}
      propertyPath: m_LocalPosition.x
      value: -14.36
      objectReference: {fileID: 0}
    - target: {fileID: 4736060015380246, guid: d756f47894759824a8b99f8372bdfb2f, type: 2}
      propertyPath: m_LocalPosition.y
      value: 0.100000024
      objectReference: {fileID: 0}
    - target: {fileID: 4736060015380246, guid: d756f47894759824a8b99f8372bdfb2f, type: 2}
      propertyPath: m_LocalPosition.z
      value: -11.43
      objectReference: {fileID: 0}
    - target: {fileID: 4736060015380246, guid: d756f47894759824a8b99f8372bdfb2f, type: 2}
      propertyPath: m_LocalRotation.x
      value: -0
      objectReference: {fileID: 0}
    - target: {fileID: 4736060015380246, guid: d756f47894759824a8b99f8372bdfb2f, type: 2}
      propertyPath: m_LocalRotation.y
      value: 0.4538696
      objectReference: {fileID: 0}
    - target: {fileID: 4736060015380246, guid: d756f47894759824a8b99f8372bdfb2f, type: 2}
      propertyPath: m_LocalRotation.z
      value: -0
      objectReference: {fileID: 0}
    - target: {fileID: 4736060015380246, guid: d756f47894759824a8b99f8372bdfb2f, type: 2}
      propertyPath: m_LocalRotation.w
      value: 0.8910681
      objectReference: {fileID: 0}
    - target: {fileID: 4736060015380246, guid: d756f47894759824a8b99f8372bdfb2f, type: 2}
      propertyPath: m_RootOrder
      value: 2
      objectReference: {fileID: 0}
    - target: {fileID: 1507286460243326, guid: d756f47894759824a8b99f8372bdfb2f, type: 2}
      propertyPath: m_Name
      value: Fence (2)
      objectReference: {fileID: 0}
    - target: {fileID: 4736060015380246, guid: d756f47894759824a8b99f8372bdfb2f, type: 2}
      propertyPath: m_LocalEulerAnglesHint.y
      value: 53.984
      objectReference: {fileID: 0}
    - target: {fileID: 4736060015380246, guid: d756f47894759824a8b99f8372bdfb2f, type: 2}
      propertyPath: m_LocalScale.x
      value: 3.9999995
      objectReference: {fileID: 0}
    - target: {fileID: 4736060015380246, guid: d756f47894759824a8b99f8372bdfb2f, type: 2}
      propertyPath: m_LocalScale.z
      value: 3.9999995
      objectReference: {fileID: 0}
    - target: {fileID: 1507286460243326, guid: d756f47894759824a8b99f8372bdfb2f, type: 2}
      propertyPath: m_TagString
      value: Container
      objectReference: {fileID: 0}
    m_RemovedComponents: []
  m_ParentPrefab: {fileID: 100100000, guid: d756f47894759824a8b99f8372bdfb2f, type: 2}
  m_IsPrefabParent: 0
--- !u!4 &1034306283 stripped
Transform:
  m_PrefabParentObject: {fileID: 4736060015380246, guid: d756f47894759824a8b99f8372bdfb2f,
    type: 2}
  m_PrefabInternal: {fileID: 1034306282}
--- !u!1001 &1062627735
Prefab:
  m_ObjectHideFlags: 0
  serializedVersion: 2
  m_Modification:
    m_TransformParent: {fileID: 684637090}
    m_Modifications:
    - target: {fileID: 4736060015380246, guid: d756f47894759824a8b99f8372bdfb2f, type: 2}
      propertyPath: m_LocalPosition.x
      value: 20.03
      objectReference: {fileID: 0}
    - target: {fileID: 4736060015380246, guid: d756f47894759824a8b99f8372bdfb2f, type: 2}
      propertyPath: m_LocalPosition.y
      value: 0.100000024
      objectReference: {fileID: 0}
    - target: {fileID: 4736060015380246, guid: d756f47894759824a8b99f8372bdfb2f, type: 2}
      propertyPath: m_LocalPosition.z
      value: -5.22
      objectReference: {fileID: 0}
    - target: {fileID: 4736060015380246, guid: d756f47894759824a8b99f8372bdfb2f, type: 2}
      propertyPath: m_LocalRotation.x
      value: -0
      objectReference: {fileID: 0}
    - target: {fileID: 4736060015380246, guid: d756f47894759824a8b99f8372bdfb2f, type: 2}
      propertyPath: m_LocalRotation.y
      value: 0.5925873
      objectReference: {fileID: 0}
    - target: {fileID: 4736060015380246, guid: d756f47894759824a8b99f8372bdfb2f, type: 2}
      propertyPath: m_LocalRotation.z
      value: -0
      objectReference: {fileID: 0}
    - target: {fileID: 4736060015380246, guid: d756f47894759824a8b99f8372bdfb2f, type: 2}
      propertyPath: m_LocalRotation.w
      value: -0.8055063
      objectReference: {fileID: 0}
    - target: {fileID: 4736060015380246, guid: d756f47894759824a8b99f8372bdfb2f, type: 2}
      propertyPath: m_RootOrder
      value: 11
      objectReference: {fileID: 0}
    - target: {fileID: 1507286460243326, guid: d756f47894759824a8b99f8372bdfb2f, type: 2}
      propertyPath: m_Name
      value: Fence (11)
      objectReference: {fileID: 0}
    - target: {fileID: 4736060015380246, guid: d756f47894759824a8b99f8372bdfb2f, type: 2}
      propertyPath: m_LocalEulerAnglesHint.y
      value: 287.318
      objectReference: {fileID: 0}
    - target: {fileID: 4736060015380246, guid: d756f47894759824a8b99f8372bdfb2f, type: 2}
      propertyPath: m_LocalScale.x
      value: 4.000011
      objectReference: {fileID: 0}
    - target: {fileID: 4736060015380246, guid: d756f47894759824a8b99f8372bdfb2f, type: 2}
      propertyPath: m_LocalScale.z
      value: 4.000011
      objectReference: {fileID: 0}
    - target: {fileID: 33139418388791278, guid: d756f47894759824a8b99f8372bdfb2f,
        type: 2}
      propertyPath: m_Mesh
      value: 
      objectReference: {fileID: 4300000, guid: f822767d3932a2543b1d0d7c6ad8423b, type: 3}
    - target: {fileID: 1507286460243326, guid: d756f47894759824a8b99f8372bdfb2f, type: 2}
      propertyPath: m_TagString
      value: Container
      objectReference: {fileID: 0}
    m_RemovedComponents: []
  m_ParentPrefab: {fileID: 100100000, guid: d756f47894759824a8b99f8372bdfb2f, type: 2}
  m_IsPrefabParent: 0
--- !u!4 &1062627736 stripped
Transform:
  m_PrefabParentObject: {fileID: 4736060015380246, guid: d756f47894759824a8b99f8372bdfb2f,
    type: 2}
  m_PrefabInternal: {fileID: 1062627735}
--- !u!1 &1115260594 stripped
GameObject:
  m_PrefabParentObject: {fileID: 1507286460243326, guid: d756f47894759824a8b99f8372bdfb2f,
    type: 2}
  m_PrefabInternal: {fileID: 1976536286}
--- !u!65 &1115260595
BoxCollider:
  m_ObjectHideFlags: 0
  m_PrefabParentObject: {fileID: 0}
  m_PrefabInternal: {fileID: 0}
  m_GameObject: {fileID: 1115260594}
  m_Material: {fileID: 0}
  m_IsTrigger: 0
  m_Enabled: 1
  serializedVersion: 2
  m_Size: {x: 2.1858435, y: 1.2000002, z: 0.21332824}
  m_Center: {x: 0, y: 0.6000001, z: -0.0000009536743}
--- !u!1 &1155669755 stripped
GameObject:
  m_PrefabParentObject: {fileID: 1507286460243326, guid: d756f47894759824a8b99f8372bdfb2f,
    type: 2}
  m_PrefabInternal: {fileID: 1676869988}
--- !u!65 &1155669756
BoxCollider:
  m_ObjectHideFlags: 0
  m_PrefabParentObject: {fileID: 0}
  m_PrefabInternal: {fileID: 0}
  m_GameObject: {fileID: 1155669755}
  m_Material: {fileID: 0}
  m_IsTrigger: 0
  m_Enabled: 1
  serializedVersion: 2
  m_Size: {x: 2.1978269, y: 1.2000002, z: 0.21510883}
  m_Center: {x: 0.000000059604645, y: 0.6000001, z: 0.00000007823112}
--- !u!4 &1163420651 stripped
Transform:
  m_PrefabParentObject: {fileID: 4225366932911668, guid: 402319e7d4ac9964291d5c99338b231b,
    type: 2}
  m_PrefabInternal: {fileID: 314620991}
--- !u!1001 &1228875721
Prefab:
  m_ObjectHideFlags: 0
  serializedVersion: 2
  m_Modification:
    m_TransformParent: {fileID: 0}
    m_Modifications:
    - target: {fileID: 4521672453931092, guid: 1b1591eda12ecda46810b73b45840d52, type: 2}
      propertyPath: m_LocalPosition.x
      value: 0
      objectReference: {fileID: 0}
    - target: {fileID: 4521672453931092, guid: 1b1591eda12ecda46810b73b45840d52, type: 2}
      propertyPath: m_LocalPosition.y
      value: 1.2
      objectReference: {fileID: 0}
    - target: {fileID: 4521672453931092, guid: 1b1591eda12ecda46810b73b45840d52, type: 2}
      propertyPath: m_LocalPosition.z
      value: 0
      objectReference: {fileID: 0}
    - target: {fileID: 4521672453931092, guid: 1b1591eda12ecda46810b73b45840d52, type: 2}
      propertyPath: m_LocalRotation.x
      value: 0
      objectReference: {fileID: 0}
    - target: {fileID: 4521672453931092, guid: 1b1591eda12ecda46810b73b45840d52, type: 2}
      propertyPath: m_LocalRotation.y
      value: 0
      objectReference: {fileID: 0}
    - target: {fileID: 4521672453931092, guid: 1b1591eda12ecda46810b73b45840d52, type: 2}
      propertyPath: m_LocalRotation.z
      value: 0
      objectReference: {fileID: 0}
    - target: {fileID: 4521672453931092, guid: 1b1591eda12ecda46810b73b45840d52, type: 2}
      propertyPath: m_LocalRotation.w
      value: 1
      objectReference: {fileID: 0}
    - target: {fileID: 4521672453931092, guid: 1b1591eda12ecda46810b73b45840d52, type: 2}
      propertyPath: m_RootOrder
      value: 5
      objectReference: {fileID: 0}
    m_RemovedComponents: []
  m_ParentPrefab: {fileID: 100100000, guid: 1b1591eda12ecda46810b73b45840d52, type: 2}
  m_IsPrefabParent: 0
--- !u!1001 &1397586061
Prefab:
  m_ObjectHideFlags: 0
  serializedVersion: 2
  m_Modification:
    m_TransformParent: {fileID: 684637090}
    m_Modifications:
    - target: {fileID: 4736060015380246, guid: d756f47894759824a8b99f8372bdfb2f, type: 2}
      propertyPath: m_LocalPosition.x
      value: 0.54
      objectReference: {fileID: 0}
    - target: {fileID: 4736060015380246, guid: d756f47894759824a8b99f8372bdfb2f, type: 2}
      propertyPath: m_LocalPosition.y
      value: 0.1
      objectReference: {fileID: 0}
    - target: {fileID: 4736060015380246, guid: d756f47894759824a8b99f8372bdfb2f, type: 2}
      propertyPath: m_LocalPosition.z
      value: -19.37
      objectReference: {fileID: 0}
    - target: {fileID: 4736060015380246, guid: d756f47894759824a8b99f8372bdfb2f, type: 2}
      propertyPath: m_LocalRotation.x
      value: -0
      objectReference: {fileID: 0}
    - target: {fileID: 4736060015380246, guid: d756f47894759824a8b99f8372bdfb2f, type: 2}
      propertyPath: m_LocalRotation.y
      value: -0.018554412
      objectReference: {fileID: 0}
    - target: {fileID: 4736060015380246, guid: d756f47894759824a8b99f8372bdfb2f, type: 2}
      propertyPath: m_LocalRotation.z
      value: -0
      objectReference: {fileID: 0}
    - target: {fileID: 4736060015380246, guid: d756f47894759824a8b99f8372bdfb2f, type: 2}
      propertyPath: m_LocalRotation.w
      value: -0.99982786
      objectReference: {fileID: 0}
    - target: {fileID: 4736060015380246, guid: d756f47894759824a8b99f8372bdfb2f, type: 2}
      propertyPath: m_RootOrder
      value: 0
      objectReference: {fileID: 0}
    - target: {fileID: 33139418388791278, guid: d756f47894759824a8b99f8372bdfb2f,
        type: 2}
      propertyPath: m_Mesh
      value: 
      objectReference: {fileID: 4300000, guid: 606281639f6532e4f9804f4a84458239, type: 3}
    - target: {fileID: 1507286460243326, guid: d756f47894759824a8b99f8372bdfb2f, type: 2}
      propertyPath: m_TagString
      value: Container
      objectReference: {fileID: 0}
    - target: {fileID: 4736060015380246, guid: d756f47894759824a8b99f8372bdfb2f, type: 2}
      propertyPath: m_LocalEulerAnglesHint.y
      value: 362.126
      objectReference: {fileID: 0}
    m_RemovedComponents: []
  m_ParentPrefab: {fileID: 100100000, guid: d756f47894759824a8b99f8372bdfb2f, type: 2}
  m_IsPrefabParent: 0
--- !u!4 &1397586062 stripped
Transform:
  m_PrefabParentObject: {fileID: 4736060015380246, guid: d756f47894759824a8b99f8372bdfb2f,
    type: 2}
  m_PrefabInternal: {fileID: 1397586061}
--- !u!1001 &1456158322
Prefab:
  m_ObjectHideFlags: 0
  serializedVersion: 2
  m_Modification:
    m_TransformParent: {fileID: 684637090}
    m_Modifications:
    - target: {fileID: 4736060015380246, guid: d756f47894759824a8b99f8372bdfb2f, type: 2}
      propertyPath: m_LocalPosition.x
      value: 2.13
      objectReference: {fileID: 0}
    - target: {fileID: 4736060015380246, guid: d756f47894759824a8b99f8372bdfb2f, type: 2}
      propertyPath: m_LocalPosition.y
      value: 0.100000024
      objectReference: {fileID: 0}
    - target: {fileID: 4736060015380246, guid: d756f47894759824a8b99f8372bdfb2f, type: 2}
      propertyPath: m_LocalPosition.z
      value: 19.64
      objectReference: {fileID: 0}
    - target: {fileID: 4736060015380246, guid: d756f47894759824a8b99f8372bdfb2f, type: 2}
      propertyPath: m_LocalRotation.x
      value: -0
      objectReference: {fileID: 0}
    - target: {fileID: 4736060015380246, guid: d756f47894759824a8b99f8372bdfb2f, type: 2}
      propertyPath: m_LocalRotation.y
      value: -0.9999746
      objectReference: {fileID: 0}
    - target: {fileID: 4736060015380246, guid: d756f47894759824a8b99f8372bdfb2f, type: 2}
      propertyPath: m_LocalRotation.z
      value: -0
      objectReference: {fileID: 0}
    - target: {fileID: 4736060015380246, guid: d756f47894759824a8b99f8372bdfb2f, type: 2}
      propertyPath: m_LocalRotation.w
      value: 0.007128394
      objectReference: {fileID: 0}
    - target: {fileID: 4736060015380246, guid: d756f47894759824a8b99f8372bdfb2f, type: 2}
      propertyPath: m_RootOrder
      value: 7
      objectReference: {fileID: 0}
    - target: {fileID: 1507286460243326, guid: d756f47894759824a8b99f8372bdfb2f, type: 2}
      propertyPath: m_Name
      value: Fence (7)
      objectReference: {fileID: 0}
    - target: {fileID: 4736060015380246, guid: d756f47894759824a8b99f8372bdfb2f, type: 2}
      propertyPath: m_LocalEulerAnglesHint.y
      value: -179.18301
      objectReference: {fileID: 0}
    - target: {fileID: 4736060015380246, guid: d756f47894759824a8b99f8372bdfb2f, type: 2}
      propertyPath: m_LocalScale.x
      value: 4.000005
      objectReference: {fileID: 0}
    - target: {fileID: 4736060015380246, guid: d756f47894759824a8b99f8372bdfb2f, type: 2}
      propertyPath: m_LocalScale.z
      value: 4.000005
      objectReference: {fileID: 0}
    - target: {fileID: 33139418388791278, guid: d756f47894759824a8b99f8372bdfb2f,
        type: 2}
      propertyPath: m_Mesh
      value: 
      objectReference: {fileID: 4300000, guid: 10e18e3cec1a5fb4e9f21b47c5743b0c, type: 3}
    - target: {fileID: 1507286460243326, guid: d756f47894759824a8b99f8372bdfb2f, type: 2}
      propertyPath: m_TagString
      value: Container
      objectReference: {fileID: 0}
    m_RemovedComponents: []
  m_ParentPrefab: {fileID: 100100000, guid: d756f47894759824a8b99f8372bdfb2f, type: 2}
  m_IsPrefabParent: 0
--- !u!4 &1456158323 stripped
Transform:
  m_PrefabParentObject: {fileID: 4736060015380246, guid: d756f47894759824a8b99f8372bdfb2f,
    type: 2}
  m_PrefabInternal: {fileID: 1456158322}
--- !u!1 &1491864528 stripped
GameObject:
  m_PrefabParentObject: {fileID: 1507286460243326, guid: d756f47894759824a8b99f8372bdfb2f,
    type: 2}
  m_PrefabInternal: {fileID: 429042909}
--- !u!65 &1491864529
BoxCollider:
  m_ObjectHideFlags: 0
  m_PrefabParentObject: {fileID: 0}
  m_PrefabInternal: {fileID: 0}
  m_GameObject: {fileID: 1491864528}
  m_Material: {fileID: 0}
  m_IsTrigger: 0
  m_Enabled: 1
  serializedVersion: 2
  m_Size: {x: 2.2103937, y: 1.2029794, z: 0.25259137}
  m_Center: {x: -0.000033855435, y: 0.60271174, z: -0.0033875292}
--- !u!1001 &1507830266
Prefab:
  m_ObjectHideFlags: 0
  serializedVersion: 2
  m_Modification:
    m_TransformParent: {fileID: 684637090}
    m_Modifications:
    - target: {fileID: 4736060015380246, guid: d756f47894759824a8b99f8372bdfb2f, type: 2}
      propertyPath: m_LocalPosition.x
      value: -13.68
      objectReference: {fileID: 0}
    - target: {fileID: 4736060015380246, guid: d756f47894759824a8b99f8372bdfb2f, type: 2}
      propertyPath: m_LocalPosition.y
      value: 0.100000024
      objectReference: {fileID: 0}
    - target: {fileID: 4736060015380246, guid: d756f47894759824a8b99f8372bdfb2f, type: 2}
      propertyPath: m_LocalPosition.z
      value: 12.89
      objectReference: {fileID: 0}
    - target: {fileID: 4736060015380246, guid: d756f47894759824a8b99f8372bdfb2f, type: 2}
      propertyPath: m_LocalRotation.x
      value: 0.000000021857252
      objectReference: {fileID: 0}
    - target: {fileID: 4736060015380246, guid: d756f47894759824a8b99f8372bdfb2f, type: 2}
      propertyPath: m_LocalRotation.y
      value: 0.9032258
      objectReference: {fileID: 0}
    - target: {fileID: 4736060015380246, guid: d756f47894759824a8b99f8372bdfb2f, type: 2}
      propertyPath: m_LocalRotation.z
      value: -0.0000000056518057
      objectReference: {fileID: 0}
    - target: {fileID: 4736060015380246, guid: d756f47894759824a8b99f8372bdfb2f, type: 2}
      propertyPath: m_LocalRotation.w
      value: 0.42916572
      objectReference: {fileID: 0}
    - target: {fileID: 4736060015380246, guid: d756f47894759824a8b99f8372bdfb2f, type: 2}
      propertyPath: m_RootOrder
      value: 5
      objectReference: {fileID: 0}
    - target: {fileID: 1507286460243326, guid: d756f47894759824a8b99f8372bdfb2f, type: 2}
      propertyPath: m_Name
      value: Fence (5)
      objectReference: {fileID: 0}
    - target: {fileID: 4736060015380246, guid: d756f47894759824a8b99f8372bdfb2f, type: 2}
      propertyPath: m_LocalEulerAnglesHint.y
      value: 129.171
      objectReference: {fileID: 0}
    - target: {fileID: 4736060015380246, guid: d756f47894759824a8b99f8372bdfb2f, type: 2}
      propertyPath: m_LocalScale.x
      value: 4.000003
      objectReference: {fileID: 0}
    - target: {fileID: 4736060015380246, guid: d756f47894759824a8b99f8372bdfb2f, type: 2}
      propertyPath: m_LocalScale.z
      value: 4.000003
      objectReference: {fileID: 0}
    - target: {fileID: 1507286460243326, guid: d756f47894759824a8b99f8372bdfb2f, type: 2}
      propertyPath: m_TagString
      value: Container
      objectReference: {fileID: 0}
    m_RemovedComponents: []
  m_ParentPrefab: {fileID: 100100000, guid: d756f47894759824a8b99f8372bdfb2f, type: 2}
  m_IsPrefabParent: 0
--- !u!4 &1507830267 stripped
Transform:
  m_PrefabParentObject: {fileID: 4736060015380246, guid: d756f47894759824a8b99f8372bdfb2f,
    type: 2}
  m_PrefabInternal: {fileID: 1507830266}
--- !u!1001 &1524491887
Prefab:
  m_ObjectHideFlags: 0
  serializedVersion: 2
  m_Modification:
    m_TransformParent: {fileID: 684637090}
    m_Modifications:
    - target: {fileID: 4736060015380246, guid: d756f47894759824a8b99f8372bdfb2f, type: 2}
      propertyPath: m_LocalPosition.x
      value: 10.55
      objectReference: {fileID: 0}
    - target: {fileID: 4736060015380246, guid: d756f47894759824a8b99f8372bdfb2f, type: 2}
      propertyPath: m_LocalPosition.y
      value: 0.100000024
      objectReference: {fileID: 0}
    - target: {fileID: 4736060015380246, guid: d756f47894759824a8b99f8372bdfb2f, type: 2}
      propertyPath: m_LocalPosition.z
      value: 17.3
      objectReference: {fileID: 0}
    - target: {fileID: 4736060015380246, guid: d756f47894759824a8b99f8372bdfb2f, type: 2}
      propertyPath: m_LocalRotation.x
      value: -0
      objectReference: {fileID: 0}
    - target: {fileID: 4736060015380246, guid: d756f47894759824a8b99f8372bdfb2f, type: 2}
      propertyPath: m_LocalRotation.y
      value: -0.2546846
      objectReference: {fileID: 0}
    - target: {fileID: 4736060015380246, guid: d756f47894759824a8b99f8372bdfb2f, type: 2}
      propertyPath: m_LocalRotation.z
      value: -0
      objectReference: {fileID: 0}
    - target: {fileID: 4736060015380246, guid: d756f47894759824a8b99f8372bdfb2f, type: 2}
      propertyPath: m_LocalRotation.w
      value: -0.9670242
      objectReference: {fileID: 0}
    - target: {fileID: 4736060015380246, guid: d756f47894759824a8b99f8372bdfb2f, type: 2}
      propertyPath: m_RootOrder
      value: 8
      objectReference: {fileID: 0}
    - target: {fileID: 1507286460243326, guid: d756f47894759824a8b99f8372bdfb2f, type: 2}
      propertyPath: m_Name
      value: Fence (8)
      objectReference: {fileID: 0}
    - target: {fileID: 4736060015380246, guid: d756f47894759824a8b99f8372bdfb2f, type: 2}
      propertyPath: m_LocalEulerAnglesHint.y
      value: 389.51
      objectReference: {fileID: 0}
    - target: {fileID: 4736060015380246, guid: d756f47894759824a8b99f8372bdfb2f, type: 2}
      propertyPath: m_LocalScale.x
      value: 3.999999
      objectReference: {fileID: 0}
    - target: {fileID: 4736060015380246, guid: d756f47894759824a8b99f8372bdfb2f, type: 2}
      propertyPath: m_LocalScale.z
      value: 3.999999
      objectReference: {fileID: 0}
    - target: {fileID: 1507286460243326, guid: d756f47894759824a8b99f8372bdfb2f, type: 2}
      propertyPath: m_TagString
      value: Container
      objectReference: {fileID: 0}
    m_RemovedComponents: []
  m_ParentPrefab: {fileID: 100100000, guid: d756f47894759824a8b99f8372bdfb2f, type: 2}
  m_IsPrefabParent: 0
--- !u!4 &1524491888 stripped
Transform:
  m_PrefabParentObject: {fileID: 4736060015380246, guid: d756f47894759824a8b99f8372bdfb2f,
    type: 2}
  m_PrefabInternal: {fileID: 1524491887}
--- !u!1 &1574398013 stripped
GameObject:
  m_PrefabParentObject: {fileID: 1507286460243326, guid: d756f47894759824a8b99f8372bdfb2f,
    type: 2}
  m_PrefabInternal: {fileID: 1524491887}
--- !u!65 &1574398014
BoxCollider:
  m_ObjectHideFlags: 0
  m_PrefabParentObject: {fileID: 0}
  m_PrefabInternal: {fileID: 0}
  m_GameObject: {fileID: 1574398013}
  m_Material: {fileID: 0}
  m_IsTrigger: 0
  m_Enabled: 1
  serializedVersion: 2
  m_Size: {x: 2.1858447, y: 1.2000002, z: 0.21332844}
  m_Center: {x: -0.00000023841858, y: 0.6000001, z: 0}
--- !u!1 &1640271214 stripped
GameObject:
  m_PrefabParentObject: {fileID: 1507286460243326, guid: d756f47894759824a8b99f8372bdfb2f,
    type: 2}
  m_PrefabInternal: {fileID: 1397586061}
--- !u!65 &1640271215
BoxCollider:
  m_ObjectHideFlags: 0
  m_PrefabParentObject: {fileID: 0}
  m_PrefabInternal: {fileID: 0}
  m_GameObject: {fileID: 1640271214}
  m_Material: {fileID: 0}
  m_IsTrigger: 0
  m_Enabled: 1
  serializedVersion: 2
  m_Size: {x: 2.1978264, y: 1.2000002, z: 0.21510878}
  m_Center: {x: 0, y: 0.6000001, z: 0.000000078231096}
--- !u!1001 &1676869988
Prefab:
  m_ObjectHideFlags: 0
  serializedVersion: 2
  m_Modification:
    m_TransformParent: {fileID: 684637090}
    m_Modifications:
    - target: {fileID: 4736060015380246, guid: d756f47894759824a8b99f8372bdfb2f, type: 2}
      propertyPath: m_LocalPosition.x
      value: -18.13
      objectReference: {fileID: 0}
    - target: {fileID: 4736060015380246, guid: d756f47894759824a8b99f8372bdfb2f, type: 2}
      propertyPath: m_LocalPosition.y
      value: 0.100000024
      objectReference: {fileID: 0}
    - target: {fileID: 4736060015380246, guid: d756f47894759824a8b99f8372bdfb2f, type: 2}
      propertyPath: m_LocalPosition.z
      value: -3.58
      objectReference: {fileID: 0}
    - target: {fileID: 4736060015380246, guid: d756f47894759824a8b99f8372bdfb2f, type: 2}
      propertyPath: m_LocalRotation.x
      value: -0
      objectReference: {fileID: 0}
    - target: {fileID: 4736060015380246, guid: d756f47894759824a8b99f8372bdfb2f, type: 2}
      propertyPath: m_LocalRotation.y
      value: 0.6029194
      objectReference: {fileID: 0}
    - target: {fileID: 4736060015380246, guid: d756f47894759824a8b99f8372bdfb2f, type: 2}
      propertyPath: m_LocalRotation.z
      value: -0
      objectReference: {fileID: 0}
    - target: {fileID: 4736060015380246, guid: d756f47894759824a8b99f8372bdfb2f, type: 2}
      propertyPath: m_LocalRotation.w
      value: 0.79780215
      objectReference: {fileID: 0}
    - target: {fileID: 4736060015380246, guid: d756f47894759824a8b99f8372bdfb2f, type: 2}
      propertyPath: m_RootOrder
      value: 3
      objectReference: {fileID: 0}
    - target: {fileID: 1507286460243326, guid: d756f47894759824a8b99f8372bdfb2f, type: 2}
      propertyPath: m_Name
      value: Fence (3)
      objectReference: {fileID: 0}
    - target: {fileID: 4736060015380246, guid: d756f47894759824a8b99f8372bdfb2f, type: 2}
      propertyPath: m_LocalEulerAnglesHint.y
      value: 74.159004
      objectReference: {fileID: 0}
    - target: {fileID: 4736060015380246, guid: d756f47894759824a8b99f8372bdfb2f, type: 2}
      propertyPath: m_LocalScale.x
      value: 4
      objectReference: {fileID: 0}
    - target: {fileID: 4736060015380246, guid: d756f47894759824a8b99f8372bdfb2f, type: 2}
      propertyPath: m_LocalScale.z
      value: 4
      objectReference: {fileID: 0}
    - target: {fileID: 33139418388791278, guid: d756f47894759824a8b99f8372bdfb2f,
        type: 2}
      propertyPath: m_Mesh
      value: 
      objectReference: {fileID: 4300000, guid: 10e18e3cec1a5fb4e9f21b47c5743b0c, type: 3}
    - target: {fileID: 1507286460243326, guid: d756f47894759824a8b99f8372bdfb2f, type: 2}
      propertyPath: m_TagString
      value: Container
      objectReference: {fileID: 0}
    m_RemovedComponents: []
  m_ParentPrefab: {fileID: 100100000, guid: d756f47894759824a8b99f8372bdfb2f, type: 2}
  m_IsPrefabParent: 0
--- !u!4 &1676869989 stripped
Transform:
  m_PrefabParentObject: {fileID: 4736060015380246, guid: d756f47894759824a8b99f8372bdfb2f,
    type: 2}
  m_PrefabInternal: {fileID: 1676869988}
--- !u!1 &1682880362
GameObject:
  m_ObjectHideFlags: 0
  m_PrefabParentObject: {fileID: 0}
  m_PrefabInternal: {fileID: 0}
  serializedVersion: 5
  m_Component:
  - component: {fileID: 1682880366}
  - component: {fileID: 1682880365}
  - component: {fileID: 1682880364}
  - component: {fileID: 1682880363}
  m_Layer: 0
  m_Name: Suelo
  m_TagString: Untagged
  m_Icon: {fileID: 0}
  m_NavMeshLayer: 0
  m_StaticEditorFlags: 0
  m_IsActive: 1
--- !u!23 &1682880363
MeshRenderer:
  m_ObjectHideFlags: 0
  m_PrefabParentObject: {fileID: 0}
  m_PrefabInternal: {fileID: 0}
  m_GameObject: {fileID: 1682880362}
  m_Enabled: 1
  m_CastShadows: 1
  m_ReceiveShadows: 1
  m_DynamicOccludee: 1
  m_MotionVectors: 1
  m_LightProbeUsage: 1
  m_ReflectionProbeUsage: 1
  m_Materials:
  - {fileID: 2100000, guid: 6514f7d01521043458adc0ad17190f63, type: 2}
  m_StaticBatchInfo:
    firstSubMesh: 0
    subMeshCount: 0
  m_StaticBatchRoot: {fileID: 0}
  m_ProbeAnchor: {fileID: 0}
  m_LightProbeVolumeOverride: {fileID: 0}
  m_ScaleInLightmap: 1
  m_PreserveUVs: 1
  m_IgnoreNormalsForChartDetection: 0
  m_ImportantGI: 0
  m_StitchLightmapSeams: 0
  m_SelectedEditorRenderState: 3
  m_MinimumChartSize: 4
  m_AutoUVMaxDistance: 0.5
  m_AutoUVMaxAngle: 89
  m_LightmapParameters: {fileID: 0}
  m_SortingLayerID: 0
  m_SortingLayer: 0
  m_SortingOrder: 0
--- !u!64 &1682880364
MeshCollider:
  m_ObjectHideFlags: 0
  m_PrefabParentObject: {fileID: 0}
  m_PrefabInternal: {fileID: 0}
  m_GameObject: {fileID: 1682880362}
  m_Material: {fileID: 0}
  m_IsTrigger: 0
  m_Enabled: 1
  serializedVersion: 3
  m_Convex: 0
  m_CookingOptions: 14
  m_SkinWidth: 0.01
  m_Mesh: {fileID: 10209, guid: 0000000000000000e000000000000000, type: 0}
--- !u!33 &1682880365
MeshFilter:
  m_ObjectHideFlags: 0
  m_PrefabParentObject: {fileID: 0}
  m_PrefabInternal: {fileID: 0}
  m_GameObject: {fileID: 1682880362}
  m_Mesh: {fileID: 10209, guid: 0000000000000000e000000000000000, type: 0}
--- !u!4 &1682880366
Transform:
  m_ObjectHideFlags: 0
  m_PrefabParentObject: {fileID: 0}
  m_PrefabInternal: {fileID: 0}
  m_GameObject: {fileID: 1682880362}
  m_LocalRotation: {x: 0, y: 0, z: 0, w: 1}
  m_LocalPosition: {x: 0, y: 0, z: 0}
  m_LocalScale: {x: 10, y: 1, z: 10}
  m_Children:
  - {fileID: 169842905}
  m_Father: {fileID: 0}
  m_RootOrder: 7
  m_LocalEulerAnglesHint: {x: 0, y: 0, z: 0}
--- !u!1 &1684524391 stripped
GameObject:
  m_PrefabParentObject: {fileID: 1507286460243326, guid: d756f47894759824a8b99f8372bdfb2f,
    type: 2}
  m_PrefabInternal: {fileID: 1456158322}
--- !u!65 &1684524392
BoxCollider:
  m_ObjectHideFlags: 0
  m_PrefabParentObject: {fileID: 0}
  m_PrefabInternal: {fileID: 0}
  m_GameObject: {fileID: 1684524391}
  m_Material: {fileID: 0}
  m_IsTrigger: 0
  m_Enabled: 1
  serializedVersion: 2
  m_Size: {x: 2.1978261, y: 1.2000002, z: 0.21510877}
  m_Center: {x: -0.000000059604645, y: 0.6000001, z: 0.00000007823109}
--- !u!1001 &1812255280
Prefab:
  m_ObjectHideFlags: 0
  serializedVersion: 2
  m_Modification:
    m_TransformParent: {fileID: 684637090}
    m_Modifications:
    - target: {fileID: 4736060015380246, guid: d756f47894759824a8b99f8372bdfb2f, type: 2}
      propertyPath: m_LocalPosition.x
      value: -17.82
      objectReference: {fileID: 0}
    - target: {fileID: 4736060015380246, guid: d756f47894759824a8b99f8372bdfb2f, type: 2}
      propertyPath: m_LocalPosition.y
      value: 0.100000024
      objectReference: {fileID: 0}
    - target: {fileID: 4736060015380246, guid: d756f47894759824a8b99f8372bdfb2f, type: 2}
      propertyPath: m_LocalPosition.z
      value: 5.01
      objectReference: {fileID: 0}
    - target: {fileID: 4736060015380246, guid: d756f47894759824a8b99f8372bdfb2f, type: 2}
      propertyPath: m_LocalRotation.x
      value: -0
      objectReference: {fileID: 0}
    - target: {fileID: 4736060015380246, guid: d756f47894759824a8b99f8372bdfb2f, type: 2}
      propertyPath: m_LocalRotation.y
      value: 0.79932797
      objectReference: {fileID: 0}
    - target: {fileID: 4736060015380246, guid: d756f47894759824a8b99f8372bdfb2f, type: 2}
      propertyPath: m_LocalRotation.z
      value: -0
      objectReference: {fileID: 0}
    - target: {fileID: 4736060015380246, guid: d756f47894759824a8b99f8372bdfb2f, type: 2}
      propertyPath: m_LocalRotation.w
      value: 0.600895
      objectReference: {fileID: 0}
    - target: {fileID: 4736060015380246, guid: d756f47894759824a8b99f8372bdfb2f, type: 2}
      propertyPath: m_RootOrder
      value: 4
      objectReference: {fileID: 0}
    - target: {fileID: 1507286460243326, guid: d756f47894759824a8b99f8372bdfb2f, type: 2}
      propertyPath: m_Name
      value: Fence (4)
      objectReference: {fileID: 0}
    - target: {fileID: 4736060015380246, guid: d756f47894759824a8b99f8372bdfb2f, type: 2}
      propertyPath: m_LocalEulerAnglesHint.y
      value: 106.132
      objectReference: {fileID: 0}
    - target: {fileID: 4736060015380246, guid: d756f47894759824a8b99f8372bdfb2f, type: 2}
      propertyPath: m_LocalScale.x
      value: 4.000002
      objectReference: {fileID: 0}
    - target: {fileID: 4736060015380246, guid: d756f47894759824a8b99f8372bdfb2f, type: 2}
      propertyPath: m_LocalScale.z
      value: 4.000002
      objectReference: {fileID: 0}
    - target: {fileID: 33139418388791278, guid: d756f47894759824a8b99f8372bdfb2f,
        type: 2}
      propertyPath: m_Mesh
      value: 
      objectReference: {fileID: 4300000, guid: f822767d3932a2543b1d0d7c6ad8423b, type: 3}
    - target: {fileID: 1507286460243326, guid: d756f47894759824a8b99f8372bdfb2f, type: 2}
      propertyPath: m_TagString
      value: Container
      objectReference: {fileID: 0}
    m_RemovedComponents: []
  m_ParentPrefab: {fileID: 100100000, guid: d756f47894759824a8b99f8372bdfb2f, type: 2}
  m_IsPrefabParent: 0
--- !u!4 &1812255281 stripped
Transform:
  m_PrefabParentObject: {fileID: 4736060015380246, guid: d756f47894759824a8b99f8372bdfb2f,
    type: 2}
  m_PrefabInternal: {fileID: 1812255280}
--- !u!1 &1860349499 stripped
GameObject:
  m_PrefabParentObject: {fileID: 1507286460243326, guid: d756f47894759824a8b99f8372bdfb2f,
    type: 2}
  m_PrefabInternal: {fileID: 299537789}
--- !u!65 &1860349500
BoxCollider:
  m_ObjectHideFlags: 0
  m_PrefabParentObject: {fileID: 0}
  m_PrefabInternal: {fileID: 0}
  m_GameObject: {fileID: 1860349499}
  m_Material: {fileID: 0}
  m_IsTrigger: 0
  m_Enabled: 1
  serializedVersion: 2
  m_Size: {x: 2.1978264, y: 1.2000002, z: 0.21510884}
  m_Center: {x: -0.00000023841858, y: 0.6000001, z: 0.000000078231096}
--- !u!1 &1920027657
GameObject:
  m_ObjectHideFlags: 0
  m_PrefabParentObject: {fileID: 0}
  m_PrefabInternal: {fileID: 0}
  serializedVersion: 5
  m_Component:
  - component: {fileID: 1920027661}
  - component: {fileID: 1920027660}
  - component: {fileID: 1920027659}
  - component: {fileID: 1920027658}
  - component: {fileID: 1920027662}
  - component: {fileID: 1920027663}
  m_Layer: 0
  m_Name: Main Camera
  m_TagString: MainCamera
  m_Icon: {fileID: 0}
  m_NavMeshLayer: 0
  m_StaticEditorFlags: 0
  m_IsActive: 1
--- !u!81 &1920027658
AudioListener:
  m_ObjectHideFlags: 0
  m_PrefabParentObject: {fileID: 0}
  m_PrefabInternal: {fileID: 0}
  m_GameObject: {fileID: 1920027657}
  m_Enabled: 1
--- !u!124 &1920027659
Behaviour:
  m_ObjectHideFlags: 0
  m_PrefabParentObject: {fileID: 0}
  m_PrefabInternal: {fileID: 0}
  m_GameObject: {fileID: 1920027657}
  m_Enabled: 1
--- !u!20 &1920027660
Camera:
  m_ObjectHideFlags: 0
  m_PrefabParentObject: {fileID: 0}
  m_PrefabInternal: {fileID: 0}
  m_GameObject: {fileID: 1920027657}
  m_Enabled: 1
  serializedVersion: 2
  m_ClearFlags: 1
  m_BackGroundColor: {r: 0.19215687, g: 0.3019608, b: 0.4745098, a: 0}
  m_NormalizedViewPortRect:
    serializedVersion: 2
    x: 0
    y: 0
    width: 1
    height: 1
  near clip plane: 0.01
  far clip plane: 541.16
  field of view: 10.3
  orthographic: 0
  orthographic size: 11.7
  m_Depth: -1
  m_CullingMask:
    serializedVersion: 2
    m_Bits: 4294967293
  m_RenderingPath: -1
  m_TargetTexture: {fileID: 0}
  m_TargetDisplay: 0
  m_TargetEye: 3
  m_HDR: 1
  m_AllowMSAA: 1
  m_AllowDynamicResolution: 0
  m_ForceIntoRT: 0
  m_OcclusionCulling: 1
  m_StereoConvergence: 10
  m_StereoSeparation: 0.022
--- !u!4 &1920027661
Transform:
  m_ObjectHideFlags: 0
  m_PrefabParentObject: {fileID: 0}
  m_PrefabInternal: {fileID: 0}
  m_GameObject: {fileID: 1920027657}
  m_LocalRotation: {x: 0.44755128, y: -0, z: -0, w: 0.8942583}
  m_LocalPosition: {x: 0.6, y: 174.2, z: -128.2}
  m_LocalScale: {x: 1, y: 1, z: 1}
  m_Children: []
  m_Father: {fileID: 0}
  m_RootOrder: 0
  m_LocalEulerAnglesHint: {x: 53.173004, y: 0, z: 0}
--- !u!82 &1920027662
AudioSource:
  m_ObjectHideFlags: 0
  m_PrefabParentObject: {fileID: 0}
  m_PrefabInternal: {fileID: 0}
  m_GameObject: {fileID: 1920027657}
  m_Enabled: 1
  serializedVersion: 4
  OutputAudioMixerGroup: {fileID: 0}
  m_audioClip: {fileID: 8300000, guid: 15e26ae97dbec2541a9e8b88f9f320c5, type: 3}
  m_PlayOnAwake: 0
  m_Volume: 0.3
  m_Pitch: 1
  Loop: 1
  Mute: 0
  Spatialize: 0
  SpatializePostEffects: 0
  Priority: 128
  DopplerLevel: 1
  MinDistance: 1
  MaxDistance: 500
  Pan2D: 0
  rolloffMode: 0
  BypassEffects: 0
  BypassListenerEffects: 0
  BypassReverbZones: 0
  rolloffCustomCurve:
    serializedVersion: 2
    m_Curve:
    - serializedVersion: 2
      time: 0
      value: 1
      inSlope: 0
      outSlope: 0
      tangentMode: 0
    - serializedVersion: 2
      time: 1
      value: 0
      inSlope: 0
      outSlope: 0
      tangentMode: 0
    m_PreInfinity: 2
    m_PostInfinity: 2
    m_RotationOrder: 4
  panLevelCustomCurve:
    serializedVersion: 2
    m_Curve:
    - serializedVersion: 2
      time: 0
      value: 0
      inSlope: 0
      outSlope: 0
      tangentMode: 0
    m_PreInfinity: 2
    m_PostInfinity: 2
    m_RotationOrder: 0
  spreadCustomCurve:
    serializedVersion: 2
    m_Curve:
    - serializedVersion: 2
      time: 0
      value: 0
      inSlope: 0
      outSlope: 0
      tangentMode: 0
    m_PreInfinity: 2
    m_PostInfinity: 2
    m_RotationOrder: 4
  reverbZoneMixCustomCurve:
    serializedVersion: 2
    m_Curve:
    - serializedVersion: 2
      time: 0
      value: 1
      inSlope: 0
      outSlope: 0
      tangentMode: 0
    m_PreInfinity: 2
    m_PostInfinity: 2
    m_RotationOrder: 0
--- !u!114 &1920027663
MonoBehaviour:
  m_ObjectHideFlags: 0
  m_PrefabParentObject: {fileID: 0}
  m_PrefabInternal: {fileID: 0}
  m_GameObject: {fileID: 1920027657}
  m_Enabled: 1
  m_EditorHideFlags: 0
  m_Script: {fileID: 11500000, guid: ff26db721962cdf4a8edcdfa9a767d2a, type: 3}
  m_Name: 
  m_EditorClassIdentifier: 
  profile: {fileID: 11400000, guid: 4d6f63d574ccb4a12ba12305f0dfc0ee, type: 2}
--- !u!1001 &1944034051
Prefab:
  m_ObjectHideFlags: 0
  serializedVersion: 2
  m_Modification:
    m_TransformParent: {fileID: 0}
    m_Modifications:
    - target: {fileID: 4643899420762082, guid: 16d2c1a3345f145bcafac76d01baac64, type: 2}
      propertyPath: m_LocalPosition.x
      value: -22.9
      objectReference: {fileID: 0}
    - target: {fileID: 4643899420762082, guid: 16d2c1a3345f145bcafac76d01baac64, type: 2}
      propertyPath: m_LocalPosition.y
      value: 0
      objectReference: {fileID: 0}
    - target: {fileID: 4643899420762082, guid: 16d2c1a3345f145bcafac76d01baac64, type: 2}
      propertyPath: m_LocalPosition.z
      value: -4.4
      objectReference: {fileID: 0}
    - target: {fileID: 4643899420762082, guid: 16d2c1a3345f145bcafac76d01baac64, type: 2}
      propertyPath: m_LocalRotation.x
      value: -0
      objectReference: {fileID: 0}
    - target: {fileID: 4643899420762082, guid: 16d2c1a3345f145bcafac76d01baac64, type: 2}
      propertyPath: m_LocalRotation.y
      value: -0
      objectReference: {fileID: 0}
    - target: {fileID: 4643899420762082, guid: 16d2c1a3345f145bcafac76d01baac64, type: 2}
      propertyPath: m_LocalRotation.z
      value: -0
      objectReference: {fileID: 0}
    - target: {fileID: 4643899420762082, guid: 16d2c1a3345f145bcafac76d01baac64, type: 2}
      propertyPath: m_LocalRotation.w
      value: 1
      objectReference: {fileID: 0}
    - target: {fileID: 4643899420762082, guid: 16d2c1a3345f145bcafac76d01baac64, type: 2}
      propertyPath: m_RootOrder
      value: 1
      objectReference: {fileID: 0}
    m_RemovedComponents: []
  m_ParentPrefab: {fileID: 100100000, guid: 16d2c1a3345f145bcafac76d01baac64, type: 2}
  m_IsPrefabParent: 0
--- !u!1001 &1976536286
Prefab:
  m_ObjectHideFlags: 0
  serializedVersion: 2
  m_Modification:
    m_TransformParent: {fileID: 684637090}
    m_Modifications:
    - target: {fileID: 4736060015380246, guid: d756f47894759824a8b99f8372bdfb2f, type: 2}
      propertyPath: m_LocalPosition.x
      value: 8.84
      objectReference: {fileID: 0}
    - target: {fileID: 4736060015380246, guid: d756f47894759824a8b99f8372bdfb2f, type: 2}
      propertyPath: m_LocalPosition.y
      value: -0
      objectReference: {fileID: 0}
    - target: {fileID: 4736060015380246, guid: d756f47894759824a8b99f8372bdfb2f, type: 2}
      propertyPath: m_LocalPosition.z
      value: -17.76
      objectReference: {fileID: 0}
    - target: {fileID: 4736060015380246, guid: d756f47894759824a8b99f8372bdfb2f, type: 2}
      propertyPath: m_LocalRotation.x
      value: -0
      objectReference: {fileID: 0}
    - target: {fileID: 4736060015380246, guid: d756f47894759824a8b99f8372bdfb2f, type: 2}
      propertyPath: m_LocalRotation.y
      value: 0.20629637
      objectReference: {fileID: 0}
    - target: {fileID: 4736060015380246, guid: d756f47894759824a8b99f8372bdfb2f, type: 2}
      propertyPath: m_LocalRotation.z
      value: -0
      objectReference: {fileID: 0}
    - target: {fileID: 4736060015380246, guid: d756f47894759824a8b99f8372bdfb2f, type: 2}
      propertyPath: m_LocalRotation.w
      value: -0.9784896
      objectReference: {fileID: 0}
    - target: {fileID: 4736060015380246, guid: d756f47894759824a8b99f8372bdfb2f, type: 2}
      propertyPath: m_RootOrder
      value: 13
      objectReference: {fileID: 0}
    - target: {fileID: 1507286460243326, guid: d756f47894759824a8b99f8372bdfb2f, type: 2}
      propertyPath: m_Name
      value: Fence (13)
      objectReference: {fileID: 0}
    - target: {fileID: 4736060015380246, guid: d756f47894759824a8b99f8372bdfb2f, type: 2}
      propertyPath: m_LocalEulerAnglesHint.y
      value: 336.189
      objectReference: {fileID: 0}
    - target: {fileID: 4736060015380246, guid: d756f47894759824a8b99f8372bdfb2f, type: 2}
      propertyPath: m_LocalScale.x
      value: 4
      objectReference: {fileID: 0}
    - target: {fileID: 4736060015380246, guid: d756f47894759824a8b99f8372bdfb2f, type: 2}
      propertyPath: m_LocalScale.z
      value: 4
      objectReference: {fileID: 0}
    - target: {fileID: 1507286460243326, guid: d756f47894759824a8b99f8372bdfb2f, type: 2}
      propertyPath: m_TagString
      value: Container
      objectReference: {fileID: 0}
    m_RemovedComponents: []
  m_ParentPrefab: {fileID: 100100000, guid: d756f47894759824a8b99f8372bdfb2f, type: 2}
  m_IsPrefabParent: 0
--- !u!4 &1976536287 stripped
Transform:
  m_PrefabParentObject: {fileID: 4736060015380246, guid: d756f47894759824a8b99f8372bdfb2f,
    type: 2}
  m_PrefabInternal: {fileID: 1976536286}
--- !u!1 &2026171674 stripped
GameObject:
  m_PrefabParentObject: {fileID: 1507286460243326, guid: d756f47894759824a8b99f8372bdfb2f,
    type: 2}
  m_PrefabInternal: {fileID: 1507830266}
--- !u!65 &2026171675
BoxCollider:
  m_ObjectHideFlags: 0
  m_PrefabParentObject: {fileID: 0}
  m_PrefabInternal: {fileID: 0}
  m_GameObject: {fileID: 2026171674}
  m_Material: {fileID: 0}
  m_IsTrigger: 0
  m_Enabled: 1
  serializedVersion: 2
  m_Size: {x: 2.185844, y: 1.2000002, z: 0.21332835}
  m_Center: {x: 0.00000011920929, y: 0.6000001, z: 0.00000047683716}
